@ARTICLE{Hogan4123280, 
author={N. Hogan and R. W. Mann}, 
journal={IEEE Transactions on Biomedical Engineering}, 
title={Myoelectric Signal Processing: Optimal Estimation Applied to Electromyography - Part II: Experimental Demonstration of Optimal Myoprocessor Performance}, 
year={1980}, 
volume={BME-27}, 
number={7}, 
pages={396-410}, 
keywords={Biomedical measurements;Educational technology;Eigenvalues and eigenfunctions;Elbow;Electromyography;Force measurement;Instruments;Muscles;Signal processing;Torque measurement;Amputees;Electric Stimulation;Electromyography;Humans;Muscles}, 
doi={10.1109/TBME.1980.326653}, 
ISSN={0018-9294}, 
month={July},}

@ARTICLE{Hogan4123279, 
author={N. Hogan and R. W. Mann}, 
journal={IEEE Transactions on Biomedical Engineering}, 
title={Myoelectric Signal Processing: Optimal Estimation Applied to Electromyography - Part I: Derivation of the Optimal Myoprocessor}, 
year={1980}, 
volume={BME-27}, 
number={7}, 
pages={382-395}, 
keywords={Biomedical engineering;Covariance matrix;Educational technology;Eigenvalues and eigenfunctions;Electromyography;Mathematical model;Muscles;Neurofeedback;Prosthetics;Signal processing;Electric Stimulation;Electromyography;Humans;Mathematics;Models, Biological;Muscles}, 
doi={10.1109/TBME.1980.326652}, 
ISSN={0018-9294}, 
month={July},}



@article{Anam2012988,
title = "Active Exoskeleton Control Systems: State of the Art",
journal = "Procedia Engineering",
volume = "41",
number = "",
pages = "988 - 994",
year = "2012",
note = "",
issn = "1877-7058",
doi = "http://dx.doi.org/10.1016/j.proeng.2012.07.273",
url = "http://www.sciencedirect.com/science/article/pii/S1877705812026732",
author = "Khairul Anam and Adel Ali Al-Jumaily",
}

@INPROCEEDINGS{Azab8037374, 
author={A. M. Azab and M. Arvanch and L. S. Mihaylova}, 
booktitle={2017 39th Annual International Conference of the IEEE Engineering in Medicine and Biology Society (EMBC)}, 
title={Estimation of joint angle based on surface electromyogram signals recorded at different load levels}, 
year={2017}, 
volume={}, 
number={}, 
pages={2538-2541}, 
keywords={electromyography;medical signal processing;signal classification;joint angle estimation;sEMG data;subject-independent models;subject-specific classifiers;subject-specific models;surface electromyogram signals;Data models;Electromyography;Estimation;Feature extraction;Load modeling;Muscles;Niobium}, 
doi={10.1109/EMBC.2017.8037374}, 
ISSN={1557-170X}, 
month={July},}

@INPROCEEDINGS{Al-Timemy6610859, 
author={A. H. Al-Timemy and G. Bugmann and J. Escudero and N. Outram}, 
booktitle={2013 35th Annual International Conference of the IEEE Engineering in Medicine and Biology Society (EMBC)}, 
title={A preliminary investigation of the effect of force variation for myoelectric control of hand prosthesis}, 
year={2013}, 
volume={}, 
number={}, 
pages={5758-5761}, 
keywords={electromyography;medical control systems;pattern recognition;prosthetics;regression analysis;Auto Regression coefficients;EMG signals;LDA classifier;Linear Discriminant Analysis;Root Mean Square features;Time Domain features;below elbow amputee persons;electromyography;force level;force variation effect;hand grip;hand prosthesis;myoelectric control;pattern recognition;transradial amputee persons;visual feedback;Electrodes;Electromyography;Error analysis;Force;Training;Visualization}, 
doi={10.1109/EMBC.2013.6610859}, 
ISSN={1094-687X}, 
month={July},}

@ARTICLE{Pang2015165,
author={Pang, M. and Guo, S. and Huang, Q. and Ishihara, H. and Hirata, H.},
title={Electromyography-based quantitative representation method for upper-limb elbow joint angle in sagittal plane},
journal={Journal of Medical and Biological Engineering},
year={2015},
volume={35},
number={2},
pages={165-177},
doi={10.1007/s40846-015-0033-8},
url={https://www.scopus.com/inward/record.uri?eid=2-s2.0-84928112569&doi=10.1007%2fs40846-015-0033-8&partnerID=40&md5=39dcf188e730c20db63516d597a69ff6},
document_type={Article},
source={Scopus},
}

Scopus
EXPORT DATE: 8 February 2017

@ARTICLE{Aung2013,
author={Aung, Y.M. and Al-Jumaily, A.},
title={Estimation of upper limb joint angle using surface EMG signal},
journal={International Journal of Advanced Robotic Systems},
year={2013},
volume={10},
doi={10.5772/56717},
url={https://www.scopus.com/inward/record.uri?eid=2-s2.0-84887831041&doi=10.5772%2f56717&partnerID=40&md5=511c1a95950231394db84719d3984a21},
document_type={Article},
source={Scopus},
}

@ARTICLE{Tang7332977, 
author={Z. Tang and H. Yu and S. Cang}, 
journal={IEEE Transactions on Neural Systems and Rehabilitation Engineering}, 
title={Impact of Load Variation on Joint Angle Estimation From Surface EMG Signals}, 
year={2016}, 
volume={24}, 
number={12}, 
pages={1342-1350}, 
keywords={electromyography;force sensors;medical signal processing;parameter estimation;sensor fusion;elbow angle estimation;force sensor;joint angle estimation;load variation;mean root-mean-square error;pooled training data;prostheses;sensor fusion;surface EMG signals;surface electromyogram signals;training model;upper-limb exoskeletons;Angular velocity;Electromyography;Estimation;Exoskeletons;Muscles;Prosthetics;Sensor fusion;Estimation;exoskeletons;sensor fusion;surface electromyogram (sEMG)}, 
doi={10.1109/TNSRE.2015.2502663}, 
ISSN={1534-4320}, 
month={Dec},}


@INPROCEEDINGS{kato2015, 
author={A. Kato and Y. Matsumoto and Y. Kobayashi and S. Sugano and M. G. Fujie}, 
booktitle={2015 IEEE International Conference on Robotics and Biomimetics (ROBIO)}, 
title={Estimating a joint angle by means of muscle bulge movement along longitudinal direction of the forearm}, 
year={2015}, 
volume={}, 
number={}, 
pages={614-619}, 
abstract={Bio-signal processing is a major topic in the field of robotics. Especially, prostheses have been studied for a long time to detect amputee's intentions from bio-signals because they do not have their limbs. However, controlling prostheses using bio-signals such as from the brain and surface electromyograms (sEMG), is complex and nonlinear because these signals are noisy and varied. It is not easy to determine the extent of motion such as a joint angle, and previous research used complex models or machine learning based on bio-signals. To estimate a joint angle easily and accurately, we propose a new bio-signal derived from the muscle bulge movements measured on the skin. We hypothesized a simple relationship between the muscle bulge movement longitudinally along a muscle and the corresponding joint angle, because the muscle contraction causes the change in the joint angle. We estimated a wrist joint angle as a function of the muscle bulge movement longitudinally along the extensor carpi radialis longus that is the agonist muscle of wrist extension. From the experimental results, the following three achievements were obtained. First, we extracted a linear relationship from the raw data with a high determination coefficient. Second, we showed that the estimation error using the proposed method was not much different from that of using sEMG in related work. Third, we established that the proposed method could estimate the joint angle robustly for the external loads on a limb.}, 
keywords={artificial limbs;brain;control engineering computing;electromyography;learning (artificial intelligence);medical robotics;medical signal processing;agonist muscle;amputee intention;biosignal processing;brain;complex model;controlling prostheses;determination coefficient;estimation error;extensor carpi radialis longus;forearm;joint angle estimation;longitudinal direction;machine learning;muscle bulge movement;muscle contraction;robotics;sEMG;surface electromyogram;wrist extension;Brain models;Estimation;Muscles;Robots;Skin;Wrist}, 
doi={10.1109/ROBIO.2015.7418836}, 
ISSN={}, 
month={Dec},}


@ARTICLE{Lenzi2012, 
author={T. Lenzi and S. M. M. De Rossi and N. Vitiello and M. C. Carrozza}, 
journal={IEEE Transactions on Biomedical Engineering}, 
title={Intention-Based EMG Control for Powered Exoskeletons}, 
year={2012}, 
volume={59}, 
number={8}, 
pages={2180-2190}, 
abstract={Electromyographical (EMG) signals have been frequently used to estimate human muscular torques. In the field of human-assistive robotics, these methods provide valuable information to provide effectively support to the user. However, their usability is strongly limited by the necessity of complex user-dependent and session-dependent calibration procedures, which confine their use to the laboratory environment. Nonetheless, an accurate estimate of muscle torque could be unnecessary to provide effective movement assistance to users. The natural ability of human central nervous system of adapting to external disturbances could compensate for a lower accuracy of the torque provided by the robot and maintain the movement accuracy unaltered, while the effort is reduced. In order to explore this possibility, in this paper we study the reaction of ten healthy subjects to the assistance provided through a proportional EMG control applied by an elbow powered exoskeleton. This system gives only a rough estimate of the user muscular torque but does not require any specific calibration. Experimental results clearly show that subjects adapt almost instantaneously to the assistance provided by the robot and can reduce their effort while keeping full control of the movement under different dynamic conditions (i.e., no alterations of movement accuracy are observed).}, 
keywords={biocontrol;electromyography;medical robotics;torque;electromyographical signal;human assistive robotics;human central nervous system;human muscular torque;intention based EMG control;powered exoskeleton;session dependent calibration;user dependent calibration;Elbow;Electromyography;Exoskeletons;Joints;Muscles;Robots;Torque;Assistive robotics;electromyography (EMG) control;powered exoskeletons;Adult;Algorithms;Biomechanics;Elbow;Electromyography;Female;Humans;Male;Robotics;Self-Help Devices;Signal Processing, Computer-Assisted}, 
doi={10.1109/TBME.2012.2198821}, 
ISSN={0018-9294}, 
month={Aug},}

@ARTICLE{Gao2016,
author={Gao, Y. and Wang, S. and Xiao, F. and Zhao, J.},
title={AN ANGLE-EMG BIOMECHANICAL MODEL of the HUMAN ELBOW JOINT},
journal={Journal of Mechanics in Medicine and Biology},
year={2016},
volume={16},
number={6},
doi={10.1142/S0219519416500780},
url={https://www.scopus.com/inward/record.uri?eid=2-s2.0-84955617058&doi=10.1142%2fS0219519416500780&partnerID=40&md5=761408dfcd941651ca46f9a2b233fbf2},
document_type={Article},
source={Scopus},
}

@CONFERENCE{Mamikoglu2016785,
author={Mamikoglu, U. and Nikolakopoulos, G. and Pauelsen, M. and Varagnolo, D. and Röijezon, U. and Gustafsson, T.},
title={Elbow joint angle estimation by using integrated surface electromyography},
journal={24th Mediterranean Conference on Control and Automation, MED 2016},
year={2016},
pages={785-790},
doi={10.1109/MED.2016.7535891},
art_number={7535891},
url={https://www.scopus.com/inward/record.uri?eid=2-s2.0-84986193000&doi=10.1109%2fMED.2016.7535891&partnerID=40&md5=e64f28478be2354ad976aef97be09a8d},
document_type={Conference Paper},
source={Scopus},
}

@CONFERENCE{Rahmatian2016158,
author={Rahmatian, S. and Mahjoob, M.J. and Hanachi, M.R.},
title={Continuous estimation of ankle joint angular position based on the myoelectric signals},
journal={2016 Artificial Intelligence and Robotics, IRANOPEN 2016},
year={2016},
pages={158-163},
doi={10.1109/RIOS.2016.7529507},
art_number={7529507},
url={https://www.scopus.com/inward/record.uri?eid=2-s2.0-84992206043&doi=10.1109%2fRIOS.2016.7529507&partnerID=40&md5=b7b78aec53e14c25698d5a0dac2cb729},
document_type={Conference Paper},
source={Scopus},
}

Scopus
EXPORT DATE: 3 February 2017

@CONFERENCE{Mamikoglu2016182,
author={Mamikoglu, U. and Andrikopoulos, G. and Nikolakopoulos, G. and Roijezon, U. and Pauelsen, M. and Gustafsson, T.},
title={Electromyography based joint angle estimation and control of a robotic leg},
journal={Proceedings of the IEEE RAS and EMBS International Conference on Biomedical Robotics and Biomechatronics},
year={2016},
volume={2016-July},
pages={182-187},
doi={10.1109/BIOROB.2016.7523619},
art_number={7523619},
url={https://www.scopus.com/inward/record.uri?eid=2-s2.0-84983379589&doi=10.1109%2fBIOROB.2016.7523619&partnerID=40&md5=8361092ba94a60082a5c767427cd89a8},
document_type={Conference Paper},
source={Scopus},
}

Scopus
EXPORT DATE: 3 February 2017

@ARTICLE{Disselhorst-Klug2009225,
author={Disselhorst-Klug, C. and Schmitz-Rode, T. and Rau, G.},
title={Surface electromyography and muscle force: Limits in sEMG-force relationship and new approaches for applications},
journal={Clinical Biomechanics},
year={2009},
volume={24},
number={3},
pages={225-235},
doi={10.1016/j.clinbiomech.2008.08.003},
url={https://www.scopus.com/inward/record.uri?eid=2-s2.0-60649089244&doi=10.1016%2fj.clinbiomech.2008.08.003&partnerID=40&md5=9276891c07e22b2231b47bd3ecd860cb},
document_type={Review},
source={Scopus},
}

Scopus
EXPORT DATE: 3 February 2017

@ARTICLE{Hashemi2013416,
author={Hashemi, J. and Morin, E. and Mousavi, P. and Hashtrudi-Zaad, K.},
title={Surface EMG force modeling with joint angle based calibration},
journal={Journal of Electromyography and Kinesiology},
year={2013},
volume={23},
number={2},
pages={416-424},
doi={10.1016/j.jelekin.2012.10.011},
url={https://www.scopus.com/inward/record.uri?eid=2-s2.0-84875365427&doi=10.1016%2fj.jelekin.2012.10.011&partnerID=40&md5=b12618e2bfb80c2ceb171ed96e1345f2},
document_type={Article},
source={Scopus},
}

Scopus
EXPORT DATE: 3 February 2017

@CONFERENCE{Hayashibe20091621,
author={Hayashibe, M. and Guiraud, D. and Poignet, P.},
title={EMG-to-force estimation with full-scale physiology based muscle model},
journal={2009 IEEE/RSJ International Conference on Intelligent Robots and Systems, IROS 2009},
year={2009},
pages={1621-1626},
doi={10.1109/IROS.2009.5354644},
art_number={5354644},
url={https://www.scopus.com/inward/record.uri?eid=2-s2.0-76249100438&doi=10.1109%2fIROS.2009.5354644&partnerID=40&md5=035bd1aa8ad14a6eb802f27e8e557522},
document_type={Conference Paper},
source={Scopus},
}

Scopus
EXPORT DATE: 3 February 2017

@ARTICLE{Cao20151014,
author={Cao, H. and Boudaoud, S. and Marin, F. and Marque, C.},
title={Surface EMG-force modelling for the biceps brachii and its experimental evaluation during isometric isotonic contractions},
journal={Computer Methods in Biomechanics and Biomedical Engineering},
year={2015},
volume={18},
number={9},
pages={1014-1023},
doi={10.1080/10255842.2013.867952},
url={https://www.scopus.com/inward/record.uri?eid=2-s2.0-84918576734&doi=10.1080%2f10255842.2013.867952&partnerID=40&md5=0ed705c346b5ce687f487a3703d95d1a},
document_type={Article},
source={Scopus},
}

Scopus
EXPORT DATE: 3 February 2017

@ARTICLE{Liu1999391,
author={Liu, M.M. and Herzog, W. and Savelberg, H.H.C.M.},
title={Dynamic muscle force predictions from EMG: An artificial neural network approach},
journal={Journal of Electromyography and Kinesiology},
year={1999},
volume={9},
number={6},
pages={391-400},
doi={10.1016/S1050-6411(99)00014-0},
url={https://www.scopus.com/inward/record.uri?eid=2-s2.0-0344132046&doi=10.1016%2fS1050-6411%2899%2900014-0&partnerID=40&md5=f90003c0f94f1517e57647831fe49513},
document_type={Article},
source={Scopus},
}

@ARTICLE{Asefi201641,
author={Asefi, M. and Moghimi, S. and Kalani, H. and Moghimi, A.},
title={Dynamic modeling of SEMG-force relation in the presence of muscle fatigue during isometric contractions},
journal={Biomedical Signal Processing and Control},
year={2016},
volume={28},
pages={41-49},
doi={10.1016/j.bspc.2016.04.002},
url={https://www.scopus.com/inward/record.uri?eid=2-s2.0-84964595294&doi=10.1016%2fj.bspc.2016.04.002&partnerID=40&md5=028a594defe5c7bf2fccf8214b86f773},
document_type={Article},
source={Scopus},
}

@online{SENIAM20170110,
author = {SENIAM},
title  = {Recommendations for sensor locations in arm or hand muscles., Available in : http://seniam.org/. Access in 10/11/2016.},
date   = {2017-01-10},
url    = {http://seniam.org},
}

Scopus
EXPORT DATE: 8 February 2017

@online{Rose20161112,
author = {Rose W.},
title  = {“Electromyogram Analysis”. Available in: https://www1.udel.edu/biology/rosewc/kaap686/notes/EMG%20analysis.pdf. Access in 12/11/2016.},
date   = {2016-11-12},
url    ={https://www1.udel.edu/biology/rosewc/kaap686/notes/EMG%20analysis.pdf},
}

@inproceedings{hayashibe:lirmm-00429594,
  TITLE = {{EMG-to-force estimation with full-scale physiology based muscle model}},
  AUTHOR = {Hayashibe, Mitsuhiro and Guiraud, David and Poignet, Philippe},
  URL = {https://hal-lirmm.ccsd.cnrs.fr/lirmm-00429594},
  BOOKTITLE = {{IROS'09: International Conference on Intelligent RObots and Systems}},
  ADDRESS = {St. Louis, MO, United States},
  PUBLISHER = {{IEEE/RSJ}},
  PAGES = {1621-1626},
  YEAR = {2009},
  MONTH = Oct,
  DOI = {10.1109/IROS.2009.5354644},
  KEYWORDS = {EMG-to-force estimation ; physiology based muscle model},
  PDF = {https://hal-lirmm.ccsd.cnrs.fr/lirmm-00429594/file/hayaIROS09final.pdf},
  HAL_ID = {lirmm-00429594},
  HAL_VERSION = {v1},
}

Scopus
EXPORT DATE: 21 February 2017

@ARTICLE{Fougner2012663,
author={Fougner, A. and Stavdahl, O. and Kyberd, P.J. and Losier, Y.G. and Parker, P.A.},
title={Control of upper limb prostheses: Terminology and proportional myoelectric control - A review},
journal={IEEE Transactions on Neural Systems and Rehabilitation Engineering},
year={2012},
volume={20},
number={5},
pages={663-677},
doi={10.1109/TNSRE.2012.2196711},
art_number={6205630},
url={https://www.scopus.com/inward/record.uri?eid=2-s2.0-84866057307&doi=10.1109%2fTNSRE.2012.2196711&partnerID=40&md5=90abd813259b1e1419d052642ee5542b},
document_type={Article},
source={Scopus},
}

Scopus
EXPORT DATE: 21 February 2017

@ARTICLE{Fougner2011644,
author={Fougner, A. and Scheme, E. and Chan, A.D.C. and Englehart, K. and Stavdahl, Ø.},
title={Resolving the limb position effect in myoelectric pattern recognition},
journal={IEEE Transactions on Neural Systems and Rehabilitation Engineering},
year={2011},
volume={19},
number={6},
pages={644-651},
doi={10.1109/TNSRE.2011.2163529},
art_number={5985538},
url={https://www.scopus.com/inward/record.uri?eid=2-s2.0-83455259671&doi=10.1109%2fTNSRE.2011.2163529&partnerID=40&md5=b25528f199cce6a8707f3c750d43f73a},
document_type={Article},
source={Scopus},
}


@article{Hashemi2013416,
title = "Surface \{EMG\} force modeling with joint angle based calibration ",
journal = "Journal of Electromyography and Kinesiology ",
volume = "23",
number = "2",
pages = "416 - 424",
year = "2013",
note = "",
issn = "1050-6411",
doi = "http://dx.doi.org/10.1016/j.jelekin.2012.10.011",
url = "//www.sciencedirect.com/science/article/pii/S1050641112001940",
author = "Javad Hashemi and Evelyn Morin and Parvin Mousavi and Keyvan Hashtrudi-Zaad",
keywords = "Force estimation",
keywords = "Joint angle",
keywords = "Surface electromyography",
keywords = "Calibration",
keywords = "Biceps brachii",
keywords = "Triceps brachii "
}

@article{doi:10.1080/10255842.2013.867952,
author = {Hua Cao and Sofiane Boudaoud and Frédéric Marin and Catherine Marque},
title = {Surface EMG-force modelling for the biceps brachii and its experimental evaluation during isometric isotonic contractions},
journal = {Computer Methods in Biomechanics and Biomedical Engineering},
volume = {18},
number = {9},
pages = {1014-1023},
year = {2015},
doi = {10.1080/10255842.2013.867952},
    note ={PMID: 24460394},

URL = { 
        http://dx.doi.org/10.1080/10255842.2013.867952
    
},
eprint = { 
        http://dx.doi.org/10.1080/10255842.2013.867952
    
}

}

@INPROCEEDINGS{Artemiadis1642196, 
author={P. K. Artemiadis and K. J. Kyriakopoulos}, 
booktitle={Proceedings 2006 IEEE International Conference on Robotics and Automation, 2006. ICRA 2006.}, 
title={EMG-based teleoperation of a robot arm in planar catching movements using ARMAX model and trajectory monitoring techniques}, 
year={2006}, 
pages={3244-3249}, 
keywords={autoregressive moving average processes;electromyography;manipulators;motion control;position control;telerobotics;ARMAX model;EMG-based teleoperation;electromyographic signals;human motion analysis;planar catching movements;position tracker;robot arm;trajectory monitoring techniques;Elbow;Electromyography;Humans;Monitoring;Motion analysis;Muscles;Physiology;Predictive models;Robots;Trajectory}, 
doi={10.1109/ROBOT.2006.1642196}, 
ISSN={1050-4729}, 
month={May},}

@book{soderberg1975,
  title={Selected Topics in Surface Electromyography for Use in the Occupational Setting: Expert Perspectives},
  author={Soderberg, G.L. and Washington (State) University. Dept. of Environmental Health and Discher, D.P. and National Institute for Occupational Safety and Health},
  series={DHHS publication},
  url={https://books.google.com.br/books?id=3H4vvgAACAAJ},
  year={1975},
  publisher={U.S. Department of Health and Human Services, Public Health Service, Centers for Disease Control, National Institute for Occupational Safety and Health}
}
